@misc{heart_disease_dataset:online,
    author = {},
    title = {Heart Failure Prediction Dataset | Kaggle},
    howpublished = {\url{https://www.kaggle.com/fedesoriano/heart-failure-prediction}},
    month = {},
    year = {},
    note = {(Accessed on 11/05/2021)}
}

@misc{pca:online,
    author = {},
    title = {A Step-by-Step Explanation of Principal Component Analysis (PCA) | Built In},
    howpublished = {\url{https://builtin.com/data-science/step-step-explanation-principal-component-analysis}},
    month = {},
    year = {},
    note = {(Accessed on 11/05/2021)}
}
