@misc{driven_data_problem_description:online,
    author = {},
    title = {Competition: Flu Shot Learning: Predict H1N1 and Seasonal Flu Vaccines},
    howpublished = {\url{https://www.drivendata.org/competitions/66/flu-shot-learning/page/211/}},
    month = {},
    year = {},
    note = {(Accessed on 12/30/2021)}
}
