@misc{original_dataset:online,
    author = {},
    title = {INEbase / Nivel y condiciones de vida (IPC) /Condiciones de vida /Encuesta de condiciones de vida / Resultados},
    howpublished = {\url{https://www.ine.es/dyngs/INEbase/es/operacion.htm?c=Estadistica_C&cid=1254736176807&menu=resultados&idp=1254735976608}},
    month = {},
    year = {},
    note = {(Accessed on 12/09/2021)}
}

@misc{entropy_for_unbalanced:online,
    author = {},
    title = {machine learning - a general measure of data-set imbalance - Cross Validated},
    howpublished = {\url{https://stats.stackexchange.com/questions/239973/a-general-measure-of-data-set-imbalance}},
    month = {},
    year = {},
    note = {(Accessed on 12/11/2021)}
}
